<?xml version="1.0" encoding="UTF-8"?><collection xmlns="http://www.loc.gov/MARC21/slim"><record><leader>00454nam--2200145-i-4500</leader><controlfield tag="001">000026444</controlfield><controlfield tag="002">20161230</controlfield><controlfield tag="005">20161230201036</controlfield><controlfield tag="008">060222s1000------------r-----000-0-eng-d</controlfield><datafield ind1=" " ind2=" " tag="080"><subfield code="a">550.371:550.837.211:550.387</subfield></datafield><datafield ind1=" " ind2=" " tag="100"><subfield code="a">Kaufman, Alexander A.And Keller, George V</subfield></datafield><datafield ind1=" " ind2=" " tag="245"><subfield code="a">The magnetotelluric sounding method</subfield></datafield><datafield ind1=" " ind2=" " tag="260"><subfield code="a">Amsterdam, Elsevier Scientific Publ.Co., 1981, Xiv + 595p</subfield></datafield><datafield ind1=" " ind2=" " tag="490"><subfield code="a">Methods In Geochemistry And Geophysics</subfield></datafield><datafield ind1=" " ind2=" " tag="852"><subfield code="a">45435</subfield></datafield></record></collection>